<?xml version="1.0" encoding="UTF-8"?><collection xmlns="http://www.loc.gov/MARC21/slim"><record><leader>00352nam--2200133-i-4500</leader><controlfield tag="001">000003206</controlfield><controlfield tag="002">20161230</controlfield><controlfield tag="005">20161230201025</controlfield><controlfield tag="008">060222s1000------------r-----000-0-eng-d</controlfield><datafield ind1=" " ind2=" " tag="080"><subfield code="a">02</subfield></datafield><datafield ind1=" " ind2=" " tag="100"><subfield code="a">Barker, R.E</subfield></datafield><datafield ind1=" " ind2=" " tag="245"><subfield code="a">Le livre dans le monde, etude sur le commerce international du livre</subfield></datafield><datafield ind1=" " ind2=" " tag="260"><subfield code="a">Paris, U.N.E.S.C.O., 1957. 115 P</subfield></datafield><datafield ind1=" " ind2=" " tag="852"><subfield code="a">12799</subfield></datafield></record></collection>